<record><leader>00000cas a2200000 a 4500</leader><controlfield tag="001">13724013</controlfield><controlfield tag="008">860612d18791886moudn ne      0    0eng d</controlfield><datafield ind1=" " ind2=" " tag="010"><subfield code="a">sn 86063685 </subfield></datafield><datafield ind1=" " ind2=" " tag="040"><subfield code="a">KSH</subfield><subfield code="b">eng</subfield><subfield code="c">KSH</subfield><subfield code="d">NPT</subfield><subfield code="d">PPM</subfield><subfield code="d">MQN</subfield><subfield code="d">OCL</subfield><subfield code="d">OCLCQ</subfield></datafield><datafield ind1=" " ind2=" " tag="042"><subfield code="a">msc</subfield></datafield><datafield ind1="0" ind2=" " tag="130"><subfield code="a">St. Joseph herald (Saint Joseph, Mo. : 1879)</subfield></datafield><datafield ind1="1" ind2="0" tag="245"><subfield code="a">St. Joseph herald.</subfield></datafield><datafield ind1="3" ind2="0" tag="246"><subfield code="a">Saint Joseph herald</subfield></datafield><datafield ind1=" " ind2=" " tag="260"><subfield code="a">St. Joseph, Mo. :</subfield><subfield code="b">Herald Co.,</subfield><subfield code="c">1879-1886.</subfield></datafield><datafield ind1=" " ind2=" " tag="300"><subfield code="a">v.</subfield></datafield><datafield ind1=" " ind2=" " tag="310"><subfield code="a">Daily (except Mon.)</subfield></datafield><datafield ind1="0" ind2=" " tag="362"><subfield code="a">Vol. 21, no. 50 (Aug. 28, 1879)-v. 34, no. 74 (Mar. 27, 1886).</subfield></datafield><datafield ind1=" " ind2="4" tag="651"><subfield code="a">Saint Joseph (Mo.)</subfield><subfield code="v">Newspapers.</subfield></datafield><datafield ind1=" " ind2=" " tag="752"><subfield code="a">United States</subfield><subfield code="b">Missouri</subfield><subfield code="c">Buchanan</subfield><subfield code="d">Saint Joseph.</subfield></datafield><datafield ind1="0" ind2=" " tag="775"><subfield code="t">St. Joseph dollar herald (Saint Joseph, Mo. : Weekly)</subfield><subfield code="w">(DLC)sn 86063676</subfield></datafield><datafield ind1="0" ind2=" " tag="775"><subfield code="t">St. Joseph weekly herald (Saint Joseph, Mo. : 1882)</subfield><subfield code="w">(DLC)sn 86063677</subfield></datafield><datafield ind1="0" ind2="0" tag="780"><subfield code="t">St. Joseph daily herald (Saint Joseph, Mo. : 1876)</subfield><subfield code="w">(DLC)sn 86063684</subfield></datafield><datafield ind1="0" ind2="0" tag="785"><subfield code="t">St. Joseph daily herald (Saint Joseph, Mo. : 1886)</subfield><subfield code="w">(DLC)sn 86063686</subfield></datafield><datafield ind1="1" ind2=" " tag="029"><subfield code="a">AU@</subfield><subfield code="b">000022168792</subfield></datafield></record>